3228 4834
298 339 338 396 24

382 506 509 564 Prorsus
532 491 637 563 eodem
659 502 747 563 modo
770 521 818 563 res
840 521 872 564 se
894 505 984 564 habet
1010 523 1031 564 r.
1053 524 1075 564 r.
1097 505 1149 583 111,
1168 511 1200 567 8:
1229 511 1421 581 „everrentes

298 625 400 670 eornm
424 607 542 667 stabula
563 625 599 665 44
621 610 753 666 stercore
774 625 813 667 ne
836 602 1052 667 offendantur“.
1097 609 1180 669 Haeo
1202 611 1319 686 optimis
1342 611 1424 670 oodi·

298 711 431 772 oibnsA
458 714 488 770 et
513 711 537 768 B
566 707 747 768 exhibentur
779 726 879 786 neque
908 707 1037 769 dubitari
1069 713 1181 787 potest,
1213 711 1285 788 quin
1318 711 1422 773 eadem

274 813 462 874 'Politianus
489 812 519 871 in
548 809 652 871 eodiee
675 810 832 870 Meroiano'
859 809 981 887 legerit,
1012 829 1192 894 quamquam
1223 814 1247 872 is
1277 815 1422 890 principis

297 917 437 976 editionis
461 914 618 975 tentionem
642 931 678 991 ,4
700 908 849 973 stereore“
876 931 981 989 parum
1013 913 1173 992 diligenter
1200 935 1259 976 non
1287 918 1424 978 correxit

299 1019 432 1079 Merulae
455 1017 546 1093 igitur
568 1016 742 1076 eonieetnrs
764 1035 800 1093 „a
823 1009 976 1076 stercoro“
998 1017 1022 1076 si
1046 1017 1093 1076 oui
1116 1019 1209 1094 magis
1231 1018 1359 1096 placeat,
1382 1019 1424 1079 di-

299 1122 425 1184 cendum
450 1125 495 1181 est
517 1112 590 1196 ‚,eb“
613 1119 836 1196 praepositione
864 1120 921 1178 hoo
944 1119 1011 1179 loeo
1034 1113 1100 1179 4444
1122 1139 1185 1180 rem
1208 1121 1384 1200 significari,
1406 1108 1443 1181 a'

299 1245 359 1305 qna
387 1225 463 1284 sotio
486 1221 658 1282 offendendi
687 1221 883 1298 proficiscitur
910 1220 940 1295 (4
962 1226 1047 1299 parte
1070 1222 1230 1296 stereoris).
1274 1222 1332 1285 Sed
1358 1227 1424 1285 sim·

300 1329 407 1406 piioins
430 1327 500 1386 mihi
524 1323 642 1386 videtur
665 1324 712 1384 hio
736 1342 856 1402 qnoque
879 1319 949 1397 „eo“
972 1325 1082 1386 delere.

383 1427 414 1504 β)
445 1428 492 1488 Ao
508 1427 584 1488 hseo
607 1428 741 1503 proxime
758 1427 906 1488 aooedunt
921 1445 964 1502 ea,
988 1429 1141 1506 inquibus
1164 1426 1236 1502 „eb“
1260 1432 1299 1490 ita
1322 1449 1421 1492 rernm

298 1532 467 1594 nominibus
496 1529 631 1606 additur,
659 1533 711 1607 „ut
733 1547 798 1607 res,
827 1548 887 1606 que
915 1529 1024 1606 aliquid
1054 1529 1249 1604 factumest,
1283 1553 1342 1594 non
1366 1539 1424 1594 tam

298 1653 419 1696 oensem
443 1651 531 1710 qnam
547 1632 691 1708 originem
715 1631 853 1691 exhibeat
876 1636 966 1709 atque
990 1634 1031 1694 ito
1048 1635 1142 1711 magis
1166 1640 1318 1713 appareat,
1344 1638 1424 1698 undo

298 1737 414 1817 aliquid
439 1741 536 1818 ortum
559 1753 647 1812 quom
671 1753 730 1812 qua
751 1753 783 1794 re
806 1734 919 1794 fastum
942 1730 996 1794 srr‘
1020 1728 1121 1814 (Hand
1144 1739 1156 1797 Ι
1179 1757 1207 1814 p.
1225 1737 1287 1811 27).
1332 1739 1424 1801 Cuius

300 1841 419 1920 generis
440 1836 584 1915 imprimis
601 1837 789 1898 manifestum
814 1842 844 1897 et
860 1838 976 1915 insigne
998 1843 1044 1899 est
1065 1843 1232 1918 exemplum
1256 1859 1318 1902 rr.
1339 1845 1361 1920 1,
1377 1847 1426 1905 59,

300 1951 335 2008 2:
357 1943 457 2023 „quod
482 1941 684 2019 speetaonlnm
708 1939 796 2001 datur
819 1942 856 2002 ab
879 1939 957 2013 arte,
982 1961 1036 2002 cnr
1058 1961 1117 2002 non
1141 1945 1222 2021 quod
1246 1952 1354 2006 natnrn
1377 1947 1426 2008 (ia-

299 2055 361 2109 444
386 2039 472 2106 nott.“
509 2045 620 2104 Eisdem
645 2044 737 2120 igitur
759 2041 976 2120 signifieationo
999 2046 1125 2122 primum
1147 2043 1218 2122 „arr
1236 2051 1426 2127 praepositio,

299 2149 409 2210 deinde
433 2147 583 2208 ablativus
605 2145 719 2223 positus
742 2149 794 2206 ost.
839 2145 894 2218 (Of.
910 2147 1044 2208 similiter
1066 2149 1128 2209 (iio.
1144 2149 1181 2209 de
1197 2151 1244 2210 off.
1268 2152 1292 2227 1,
1308 2156 1357 2228 20,
1374 2157 1426 2214 684

300 2270 377 2326 „non
401 2255 446 2312 est
469 2252 721 2322 consentaneum,
751 2250 803 2324 qni
831 2255 912 2309 metu
940 2269 999 2310 non
1028 2249 1200 2330 frangetur,
1231 2269 1296 2312 enm
1329 2254 1426 2330 frangi

301 2352 475 2432 eupiditate,
498 2350 548 2429 qni
572 2351 715 2410 inviotnm
738 2367 771 2411 se
795 2371 812 2410 4
834 2351 935 2412 labore
959 2353 1153 2430 praestiterit,
1176 2354 1256 2412 vinei
1279 2374 1297 2413 4
1320 2355 1424 2430 volup-

300 2451 401 2528 4444“).
447 2456 558 2517 Contra
580 2455 636 2526 „sb
660 2447 786 2514 nature“
811 2453 928 2514 dnobus
952 2456 1025 2514 loeis
1045 2457 1190 2532 seriptum
1215 2460 1270 2516 est:
1305 2473 1326 2515 r.
1348 2474 1370 2516 r.
1391 2458 1427 2530 11,

301 2566 330 2638 4,
347 2563 402 2620 10:
425 2558 561 2630 „suillum
576 2573 668 2634 psons
685 2557 825 2624 donatum
850 2557 886 2616 sb
910 2563 1018 2618 nature
1041 2557 1145 2618 dieunt
1168 2559 1206 2618 ed
1227 2557 1426 2636 epulandum“

301 2670 331 2724 et
354 2663 372 2722 Ι.
387 2663 405 2720 Ι.
426 2661 460 2732 X,
477 2665 530 2722 61:
563 2678 599 2737 ,,4
622 2663 730 2720 natura
757 2659 850 2720 iibido
874 2661 1004 2720 hnnrsna
1032 2661 1211 2739 corrigetur,
1240 2679 1300 2721 non
1323 2681 1341 2721 a
1362 2662 1426 2722 libi·

301 2767 369 2827 dine
393 2762 528 2826 nstnra“.
571 2765 652 2842 Ergo
676 2763 728 2835 „ab
752 2763 876 2824 neture“
899 2767 929 2823 et
950 2761 1092 2841 „nature“
1115 2765 1155 2824 ita
1177 2766 1206 2824 in
1230 2765 1427 2826 formularum

187 2892 190 2899 ·
302 2887 387 2930 nsum
405 2867 550 2938 abierunt,
573 2870 606 2926 44
629 2867 694 2926 sine
710 2864 772 2925 nlla
788 2865 954 2926 different-is
970 2867 1110 2943 usurpari
1126 2865 1297 2927 videantur.
1334 2869 1428 2928 Plane

302 2969 405 3032 eodem
430 2961 475 3030 est
498 2968 649 3029 Ciceronis
664 2969 750 3045 ratio,
773 2969 823 3045 qni
847 2987 883 3044 ,4
898 2961 1023 3027 444444“
1047 2985 1118 3028 usus
1140 2973 1199 3030 est:
1222 2970 1259 3028 de
1275 2971 1323 3029 off.
1340 2970 1362 3048 Ι,
1379 2973 1428 3047 29,

302 3079 376 3148 103·,
398 3091 441 3132 44.
458 3076 532 3148 post.
552 3072 575 3146 Ι,
590 3075 617 3146 4,
636 3075 691 3145 15;
714 3090 741 3130 n.
758 3070 785 3129 d.
809 3071 846 3148 ΙΙ,
862 3072 910 3146 52,
928 3075 1005 3141 133;
1035 3069 1072 3129 de
1092 3072 1152 3130 inv.
1174 3072 1196 3148 Ι,
1215 3074 1263 3143 24,
1281 3075 1336 3134 35:
1362 3072 1426 3148 „ab

302 3183 410 3238 ustura
438 3174 551 3253 datus“,
582 3175 633 3235 sed
663 3194 727 3253 esp.
748 3178 797 3244 25,
820 3177 873 3235 36:
901 3192 978 3245 „non
1006 3177 1113 3233 nature
1141 3171 1268 3234 dstnm“.
1291 3207 1333 3219 --
1360 3178 1427 3235 Duo

301 3283 418 3341 restent
433 3279 581 3355 exempla:
603 3277 631 3338 S.
647 3279 685 3338 Μ.
706 3297 733 3354 p.
752 3277 863 3352 1721:
888 3275 998 3352 „pedes
1018 3277 1112 3336 nostri
1135 3275 1172 3336 sb
1188 3277 1286 3337 animo
1301 3291 1427 3337 ¹moven-

301 3374 381 3452 tur“;
410 3382 427 3440 Ι.
448 3382 467 3440 Ι.
492 3381 541 3453 IX,
561 3363 722 3458 43:3,11011
751 3379 787 3438 sb
816 3377 944 3455 obliquis
967 3378 1089 3439 essibus
1108 3378 1153 3457 rt,
1185 3383 1217 3439 44
1244 3379 1318 3439 renti
1340 3377 1427 3439 simili

223 3535 225 3537 .
303 3483 382 3544 fsoie
405 3481 628 3543 ostendantur.

388 3586 526 3647 Ceterum
550 3585 618 3662 trie,¹
643 3601 730 3661 quem
755 3583 843 3642 modo
866 3584 1074 3660 trentevimns,
1104 3581 1176 3655 ,,44“
1199 3583 1429 3660 praepositionis

275 3756 278 3761 ,
303 3707 375 3749 nens
398 3688 543 3766 Drsegeri
566 3685 736 3746 testimonio
760 3683 785 3756 (1
805 3704 834 3761 p.
851 3683 925 3757 594)
953 3704 1012 3745 non
1036 3685 1188 3744 invenitur
1211 3682 1291 3761 apud
1313 3686 1429 3761 priseos

303 3792 480 3869 scriptores,
511 3791 630 3867 saepius
653 3788 734 3865 opud
757 3787 946 3866 Ciceronem,
968 3788 1051 3849 vetut
1072 3787 1110 3848 de
1130 3789 1178 3847 off.
1201 3788 1223 3866 Ι,
1243 3792 1305 3858 27
1330 3786 1360 3861 (4
1383 3805 1428 3848 rs·

302 3891 407 3966 tione),
439 3891 670 3964 4414444ΧΙΙΙ,
698 3894 784 3964 10,1
814 3889 845 3964 (4
868 3889 962 3963 more)
993 3889 1059 3950 aliis
1083 3889 1186 3968 iisqne
1215 3891 1321 3966 paneis
1348 3890 1428 3962 loeis,

302 3996 409 4057 erebro
439 3995 518 4073 apud
542 3996 647 4071 poetas
676 3996 743 4070 post
765 3992 941 4054 Oieeronem
972 3991 1022 4066 (of.
1044 3993 1181 4069 Drnoger
1204 3993 1222 4053 Ι.
1242 3993 1272 4072 4.,
1303 3993 1429 4053 Ktthnor

304 4101 374 4176 11,1
400 4118 427 4176 p.
445 4095 528 4170 278).

388 4199 420 4277 γ)
451 4220 473 4260 r.
490 4218 513 4261 r.
534 4201 585 4279 ΙΙΙ,
601 4205 629 4278 2,
646 4205 698 4262 17:
721 4198 858 4279 „dicebat
879 4200 908 4259 in
927 4197 1041 4259 Albano
1064 4197 1189 4258 fundum
1206 4215 1291 4258 sunm
1312 4215 1429 4274 semper

303 4304 381 4363 vinei
410 4303 531 4379 erilis3
562 4321 666 4381 agrum
689 4303 766 4363 enim
796 4302 891 4362 minus
920 4300 1022 4363 desem
1053 4301 1131 4362 milis
1158 4300 1302 4378 reddere,
1329 4300 1429 4360 villam
