3228 4834
1271 361 1310 418 27

275 536 366 602 918.
401 533 575 611 Sequuntur
602 533 761 614 duoloci,
792 533 899 609 quibus
926 531 1150 608 praepositione
1175 528 1250 602 „ab“
1277 545 1312 588 ea

190 654 281 697 eausa
296 635 490 712 significatur,
506 655 583 713 quse
598 636 635 696 ab
647 638 746 696 animo
762 633 973 712 proficiscitur:
996 651 1020 694 r.
1035 652 1060 694 r.
1074 634 1096 709 I,
1112 635 1207 704 2,19;
1227 649 1312 704 „eum

189 737 341 812 (hostiam)
364 739 401 798 ab
425 738 529 800 eodem
552 738 622 799 odio
645 739 720 798 alter
743 733 840 812 (deus)
865 737 968 796 videre
988 736 1099 812 nollet,
1126 735 1203 794 alter
1225 734 1311 795 etiam

189 845 364 920 pereuntem
388 840 497 902 vellet“
532 839 582 914 (ei.
602 841 666 900 Liv.
687 829 737 915 96,
757 844 807 918 24,
828 845 861 901 ir
893 837 1052 916 „oppidum
1080 837 1225 916 diripiunt
1252 855 1312 898 non

188 948 247 1004 tam
271 943 307 1003 ab
330 944 375 1003 ira
398 963 453 1004 nec
477 945 515 1004 ab
530 943 646 1019 odio“);
675 943 793 1020 1.l.v1‚
810 946 861 1003 14:
887 941 953 1014 „hic
976 941 1040 1002 dies
1062 957 1142 1002 unus
1162 939 1201 1000 ab
1221 939 1329 1000 norni-¹

189 1047 236 1106 nis
258 1063 360 1108 errore
383 1045 579 1106 observatur“
605 1044 655 1120 (ef.
674 1046 849 1122 Liv.30,6‚
866 1050 897 1106 1:
919 1044 975 1122 „ab
998 1043 1101 1106 eodem
1124 1061 1227 1104 errore
1250 1060 1312 1101 cre·

189 1143 300 1222 dere“).
322 1166 366 1190 *-
388 1150 528 1210 Fortasse
550 1148 609 1208 hire
632 1147 821 1210 referendum
845 1151 891 1210 est
913 1147 977 1218 Vll,
998 1149 1054 1210 49:
1088 1129 1254 1222 „duellum
1281 1143 1312 1204 id

188 1254 294 1330 postea
309 1249 438 1325 bellum3
457 1251 495 1310 ab
510 1251 614 1312 eadem
631 1268 720 1310 causa
738 1250 819 1326 iacta
834 1249 983 1310 Duellona
998 1245 1152 1310 Bellona“.
1190 1246 1227 1306 ei.
1243 1245 1312 1310 Seu.

189 1353 271 1416 elem.
292 1355 313 1430 l,
329 1357 379 1429 20,
397 1361 424 1414 1.

274 1457 357 1514 llaec
380 1454 498 1514 dicendi
521 1453 597 1515 ratio
624 1473 660 1516 eo
684 1455 778 1531 magis
805 1453 1003 1516 memorabilis
1025 1459 1082 1531 est,
1110 1453 1190 1530 quod
1216 1471 1272 1512 nec
1294 1471 1312 1512 a

188 1558 296 1636 priscis
323 1557 520 1635 scriptoribus
550 1561 696 1635 usurpata
725 1563 769 1618 est
799 1576 855 1618 nee
886 1558 965 1634 apud
989 1553 1143 1618 Ciceronis
1169 1557 1312 1633 aequales

189 1677 312 1742 usquam
325 1661 475 1737 reperitur
489 1679 548 1720 uno
560 1661 697 1738 exemplo
708 1665 833 1738 excepto
850 1659 900 1734 (ei,
913 1661 1050 1738 Draeger
1064 1662 1075 1719 l
1094 1679 1121 1737 p.
1132 1657 1215 1736 624),
1231 1658 1312 1736 quod

187 1764 297 1840 legitur
319 1764 348 1822 in
373 1764 498 1840 epistola
520 1763 606 1824 Balbi
629 1761 688 1840 (ap.
704 1763 763 1824 Oic.
781 1763 818 1822 ad
834 1764 895 1823 Ate.
912 1767 973 1838 uu
989 1765 1021 1834 B,
1038 1760 1084 1835 3):
1110 1763 1188 1834 „ecio
1209 1781 1255 1822 me
1275 1761 1312 1822 ab

188 1867 331 1944 singulari
353 1884 455 1926 amore
478 1885 513 1925 ae
536 1867 759 1938 benevolentia,
789 1883 990 1943 quaecunque
1015 1866 1130 1942 scribo,
1152 1864 1313 1926 scribere“.

187 1969 241 2029 Est
256 1973 353 2028 autern
373 1968 421 2027 hie
437 1983 509 2028 uses
531 1969 692 2046 praecipue
713 1968 989 2044 anivioreeaprua
1013 1967 1063 2036 ici.
1079 1967 1168 2028 Fabri
1189 1967 1226 2028 ad
1248 1967 1313 2026 Liv.

188 2075 236 2146 21,
249 2075 298 2148 36,
312 2076 344 2144 2;
360 2069 511 2130 Drakenb.
529 2075 558 2130 et
573 2071 663 2132 Fabri
679 2069 717 2130 ad
734 2071 799 2132 Liu.
816 2075 865 2148 24,
877 2075 927 2148 30,
941 2064 980 2149 1).
1012 2069 1169 2132 Accedunt
1185 2070 1265 2131 Ourt.
1279 2070 1313 2145 V,
1345 2141 1347 2145 ,

187 2177 267 2249 4,1;
289 2173 361 2232 Tae.
375 2172 442 2233 hist.
459 2174 509 2250 IV,
525 2177 580 2244 723
604 2174 653 2234 Sil.
668 2174 744 2246 Ital,
769 2175 819 2250 qui
844 2173 1001 2234 formulam
1020 2173 1086 2242 „ab
1099 2172 1159 2231 ira“
1183 2171 1312 2232 adhibet.
1385 2251 1391 2261 ο

272 2292 289 2364 i
314 2295 361 2356 19.
380 2322 382 2326 r
398 2292 511 2354 Crebro
538 2291 610 2364 „ab“
635 2294 715 2370 apud
738 2295 902 2357 Varronem
920 2287 986 2371 fpro
1009 2293 1139 2354 ablativo
1161 2291 1313 2352 relationis

187 2394 236 2456 vel
258 2394 440 2458 limitationis
471 2394 513 2454 ita
535 2398 581 2454 est
604 2397 749 2474 positum,
781 2399 829 2472 ut,
858 2414 894 2456 ex
917 2415 978 2473 qua
1000 2400 1086 2473 parte
1108 2394 1220 2472 aliquid
1244 2414 1311 2455 eon·
1341 2462 1343 2465 ,

189 2496 336 2567 rideretur
358 2496 442 2557 etad
458 2498 544 2558 aliam
561 2517 624 2558 rem
645 2497 802 2570 referatur,
825 2498 981 2577 significet.
1018 2498 1084 2559 Vim
1108 2499 1200 2574 igitur
1222 2497 1313 2558 habet

191 2595 290 2674 „quod
315 2598 422 2658 attinet
443 2597 499 2659 ad‘
525 2601 574 2660 vel
600 2599 799 2674 „seeundum“
827 2601 873 2672 (ef.
895 2601 983 2662 Hand
1004 2603 1016 2660 l
1036 2619 1065 2678 p.
1081 2605 1190 2678 etima
1221 2603 1312 2660 Dras-

186 2719 241 2777 ger
261 2703 283 2778 Ι,
300 2705 360 2762 622
372 2698 438 2778 sq.).

271 2822 294 2862 r.
316 2822 343 2862 r.
365 2804 401 2875 ll,
419 2808 448 2876 4,
463 2808 500 2865 4:
525 2804 613 2876 „boni
636 2806 755 2866 neminie
778 2823 847 2866 sues
869 2805 1151 2866 animadvertuntur
1173 2824 1191 2865 a
1213 2805 1310 2867 iacie“

96 2914 101 2926 ·
186 2903 305 2978 (ceteris
317 2905 391 2964 locis
407 2906 544 2989 omnibus
563 2907 819 2992 „animadvertere
833 2908 890 2968 ex“
909 2909 1057 2986 scribitur,
1073 2907 1112 2966 ef.
1127 2907 1145 2979 §
1161 2907 1229 2984 46l3
1252 2908 1312 2968 ibd.

186 3011 216 3084 4,
235 3010 291 3069 22:
326 3008 445 3086 „gregis
468 3023 622 3068 numerum
645 3015 750 3088 pastor
773 3011 809 3070 ab
832 3029 889 3070 sua
911 3011 1040 3071 utilitate
1063 3010 1248 3072 coustituit“.
1270 3037 1312 3053 -

186 3110 222 3180 ΙΙ,
240 3114 288 3188 11,
304 3114 340 3171 2:
369 3109 493 3182 „horum
509 3117 580 3171 sunt
595 3112 767 3174 discrimina
790 3115 821 3172 et
843 3130 861 3171 a
875 3115 1062 3190 pastionibus
1085 3119 1115 3173 et
1130 3132 1147 3173 a
1163 3113 1311 3190 pecudum

185 3210 323 3273 natura‘.
367 3212 508 3274 Similiter
532 3215 549 3272 l.
571 3215 588 3274 l.
611 3216 737 3291 1X,60:
768 3215 1032 3286 „discernerentur
1054 3217 1174 3276 nomina
1196 3216 1312 3292 gentili·

82 3302 85 3306 ’
188 3313 233 3372 cia
255 3314 293 3374 ab
317 3329 457 3374 numero:
485 3313 651 3393 Secundus,
673 3318 804 3394 Tertius,
828 3311 975 3391 Quartus“
999 3321 1029 3378 et
1051 3317 1120 3378 ibid.
1136 3319 1185 3396 VI,
1201 3322 1233 3380 3:
1261 3317 1311 3396 „id

185 3413 328 3493 (tempus)
360 3415 487 3476 divisum
519 3417 548 3476 in
579 3422 681 3495 partes
710 3420 825 3497 aliquot
855 3422 892 3480 ab
922 3420 994 3480 solis
1024 3424 1054 3481 et
1083 3421 1172 3484 lrrnae
1204 3414 1311 3482 cursu“

184 3515 303 3590 (contra
324 3537 349 3578 r.
367 3538 390 3578 r.
413 3520 434 3593 1,
451 3523 478 3596 2,
495 3521 530 3581 3;
553 3519 705 3597 „dividere
728 3519 930 3596 recondendi.
952 3555 993 3562 -
1015 3521 1033 3583 l.
1054 3525 1071 3583 l.
1096 3524 1146 3596 ΙΧ,
1171 3528 1227 3585 74:
1256 3525 1311 3596 „ab

183 3618 353 3680 huiusmodi
376 3619 664 3683 dissimilitudinibus
686 3624 917 3700 reprehenditur
939 3626 1092 3703 analogia,
1115 3625 1196 3702 quod
1226 3625 1311 3686 cett.“

184 3726 300 3790 (contra
320 3723 391 3782 ibid.
408 3725 449 3785 70
464 3729 494 3784 et
511 3729 572 3786 110
593 3726 833 3803 „reprehendere
848 3723 912 3787 de“.
924 3726 1028 3788 eodem
1046 3723 1159 3799 sensu).
1190 3747 1217 3788 v.
1232 3748 1263 3806 p.
1277 3731 1310 3788 R.

184 3823 211 3882 11
227 3823 281 3900 irg.
296 3828 351 3886 23:
367 3843 484 3903 „neque
499 3825 531 3908 id
544 3827 581 3885 ab
598 3829 696 3888 orbita
711 3828 743 3901 (i.
755 3847 780 3888 e.
797 3829 833 3888 ad
847 3827 1013 3906 exemplar)
1029 3823 1311 3902 matrumfamiliae“,

268 3946 292 3987 r.
308 3946 331 3987 r.
347 3928 360 3986 1
378 3933 405 4005 6,
419 3933 450 3990 2;
473 3947 604 4007 „genera
619 3949 637 3990 a
653 3930 754 4008 specie
768 3925 933 4012 simplieia“
959 3932 1077 4000 (contra
1093 3935 1106 3992 l
1124 3938 1150 4011 2,
1163 3937 1194 3994 2:
1215 3952 1311 4011 „quae

183 4029 283 4104 specie
313 4029 389 4090 finnt
416 4029 630 4107 venustiora“).
670 4034 708 4110 Π,
732 4038 763 4111 2,
783 4037 818 4094 2τ
847 4035 919 4112 „has
946 4033 1043 4108 (ovea)
1071 4039 1190 4112 oportet
1217 4037 1311 4096 bonas

183 4149 294 4202 emere,
321 4146 400 4207 quae
423 4132 466 4191 ita
492 4131 544 4204 (sc.
565 4134 661 4196 bonae
683 4132 766 4208 sunt)
798 4137 835 4198 ab
863 4141 962 4198 aetate
990 4137 1017 4198 si
1044 4131 1128 4198 cett“
1161 4137 1208 4205 (ci.
1232 4138 1302 4198 Keil

269 4295 291 4362 ¹)
309 4293 469 4348 Verisimile
481 4294 546 4348 mihi
559 4295 673 4352 videtur
690 4297 827 4352 nonnulla
839 4299 926 4354 verba
942 4303 1008 4354 ante
1020 4298 1136 4354 verbnm
1149 4300 1220 4368 ‚,ab“
1238 4301 1309 4356 cxci·

182 4377 266 4446 disse,
281 4378 391 4449 quibus,
400 4379 450 4435 c'ur
461 4379 582 4436 duellum
592 4379 695 4436 bellurn
706 4380 810 4438 laetum
820 4389 905 4452 esset,
917 4384 1029 4439 omnino
1041 4391 1309 4443 commemoraretur.
