3228 4834
623 1095 626 1099 ’
692 1131 825 1200 ΠΜ.
900 1101 902 1108 ’

290 1281 388 1340 Natus
415 1297 479 1337 sum
510 1276 596 1338 Otto
626 1271 807 1337 Roessne'r
838 1273 887 1334 die
909 1277 945 1334 li.
973 1295 1010 1334 m.
1032 1275 1110 1352 Aug.
1136 1292 1162 1335 a.
1187 1276 1268 1335 1863
1297 1274 1328 1332 in

206 1383 279 1444 nr·be
310 1381 396 1442 Haiis
423 1381 588 1452 Saxonum,
621 1385 708 1456 patro
737 1377 880 1454 Eduardo
910 1383 1102 1455 praematura
1131 1380 1227 1437 morte
1258 1356 1339 1436 mihi¹
1395 1416 1398 1422 -

206 1490 318 1561 erepto,
341 1487 434 1544 matre
455 1483 593 1560 Augusta
617 1501 633 1542 e
653 1485 742 1558 gente
763 1480 968 1554 Waehsmuth‚
991 1498 1081 1556 qnam
1103 1478 1203 1539 adhuc
1226 1496 1328 1555 super·
1353 1520 1356 1525 -

206 1585 302 1646 stitem
320 1604 385 1647 esse
400 1585 594 1646 vehementer
609 1584 735 1662 gaudeo.
779 1583 864 1644 Fidei
885 1582 1022 1643 addictus
1041 1601 1107 1643 sum
1128 1581 1329 1659 evangelicae.

205 1691 243 1750 Et
272 1690 373 1766 primis
404 1689 569 1749 litterarum
597 1688 750 1748 elementis
781 1692 811 1746 et
838 1686 1030 1746 humanitatis
1060 1685 1168 1746 studiis
1198 1673 1329 1744 imbutus

165 1862 168 1869 Ι
205 1781 269 1852 sirm
292 1773 562 1851 inFranclxoianis
584 1789 728 1850 institutis
752 1789 1004 1866 praeclarissimis,
1026 1787 1180 1865 inquibus
1203 1805 1259 1865 ego
1282 1804 1329 1846 or·

206 1895 324 1971 phanus
346 1911 401 1969 per
417 1893 520 1952 decem
537 1910 633 1953 annos
649 1896 787 1952 vorsatus
802 1909 876 1951 sum.
891 1921 932 1931 —
954 1893 992 1952 Et
1007 1889 1228 1964 beneficiorum,
1250 1907 1329 1966 quae

206 1997 236 2056 in
259 1995 523 2072 orphanotrophos
551 1995 666 2071 accepi,
693 2012 872 2054 summorum
897 2012 1009 2054 memor
1036 1993 1094 2053 hoc
1116 1991 1238 2070 quidem
1263 1993 1328 2052 ioco

206 2097 341 2158 manibus
370 2098 498 2174 Augusti
535 2098 700 2157 Hermanni
734 2095 878 2156 Franckii
912 2101 1029 2173 grates,
1062 2114 1151 2172 quam
1186 2096 1329 2155 maximas

207 2217 338 2278 possum,
354 2218 419 2276 ago.
435 2228 476 2239 —
497 2199 584 2260 Unda
601 2217 671 2259 vere
687 2198 757 2258 anui
775 2201 857 2260 1884
872 2199 1038 2259 instructus
1053 2198 1233 2259 maturitatis
1248 2197 1329 2257 testi·

208 2302 304 2362 monio
328 2303 554 2362 universitatem
577 2303 739 2362 Halensem
762 2300 835 2375 adii,
866 2301 951 2361 cuius
974 2301 1046 2361 civis
1073 2300 1115 2360 fui
1137 2319 1192 2380 per
1215 2303 1328 2377 septem

205 2406 369 2465 semestria.
398 2407 456 2465 Per
472 2405 547 2466 haec
562 2404 664 2465 andivi
676 2404 758 2466 viros
770 2403 971 2489 doctissimos:
994 2403 1172 2478 Burdach‚
1189 2403 1329 2477 Ooilitn,

207 2504 481 2583 Dittenberger,
514 2507 710 2581 Erdmann,
744 2507 894 2585 Gering,
927 2508 1054 2584 Haym,
1086 2506 1329 2584 Heydemann,

207 2609 336 2682 Hiiler‚
358 2607 453 2684 Keil,
479 2608 692 2683 Kirchhoif,
719 2608 875 2686 Stnmpf,
901 2611 1045 2670 Zacher.
1088 2609 1243 2670 Seminarii
1265 2610 1329 2687 phi·

208 2711 328 2787 iologici
355 2730 410 2789 per
431 2715 574 2789 quattuor
596 2711 751 2771 semestria
773 2710 885 2771 sodalis
908 2711 950 2771 fui
973 2712 1154 2790 ordinarius,
1181 2731 1247 2772 cum
1271 2714 1327 2772 iam

206 2817 295 2873 antea
311 2832 364 2891 per
376 2814 436 2875 duo
448 2812 602 2874 semestris
617 2814 826 2890 proseminarii
840 2810 1102 2875 exercitationibus
1114 2814 1328 2888 interfuissem

179 2940 181 2944 ·
206 2916 235 2975 in
252 2915 410 2977 societates
425 2934 494 2976 suas
518 2921 550 2976 ut
565 2916 636 2976 mihi
656 2916 755 2977 aditus
770 2919 857 2990 esset,
880 2915 1025 2977 benevole
1045 2918 1245 2994 permiserunt
1268 2917 1328 2978 Ge-

207 3019 303 3096 ring,
330 3018 461 3093 Hilter,
488 3019 579 3079 Keii
623 3018 741 3094 Quibus
763 3019 835 3079 viris
858 3018 1007 3091 omnihus,
1036 3018 1179 3096 imprimis
1201 3019 1272 3080 viris
1296 3021 1328 3081 il·

206 3119 392 3180 lustrissimis
424 3119 596 3181 Eduardo
628 3122 769 3182 Hillero
801 3125 831 3181 et
861 3121 1017 3182 Henrico
1049 3122 1181 3198 Keilio,
1215 3123 1267 3199 qui
1298 3123 1326 3180 in

207 3223 343 3282 omnibus
360 3225 431 3283 meis
447 3225 553 3306 studiis
570 3225 781 3302 benignissime
798 3243 844 3285 me
859 3222 1049 3302 adiuverunt,
1068 3225 1195 3303 gratiam
1211 3242 1329 3302 semper

207 3323 322 3385 habebo
345 3325 510 3385 maximam.
