3228 4834
1262 369 1302 427 25

180 541 248 618 plus
271 533 402 602 ricerra“.
446 542 511 601 Hoc
534 542 599 600 loco
622 539 883 618 prosopopoeiam,
906 557 983 616 quac
1007 541 1144 612 vocatur,
1170 540 1302 598 statuen-

180 644 248 705 dam
272 661 338 706 esse
364 643 481 706 iudico:
510 643 665 720 linguntur
688 643 766 703 enim
795 641 908 702 fundus
934 644 964 702 et
985 641 1058 701 villa
1085 642 1172 718 qrrasi
1196 640 1304 700 adver·

179 747 257 824 sarii,
279 749 330 826 qui
354 767 420 808 cum
444 746 481 808 da
500 746 673 824 principatu
695 747 774 806 inter
795 763 827 806 se
851 746 974 822 certent,
995 743 1107 805 fundus
1122 745 1259 804 vincitur.

265 885 283 958 ξ
306 890 353 946 17.
390 885 462 948 Cum
486 885 590 961 paucis
613 888 728 945 tantum
752 884 947 962 scriptoribus
970 882 1098 943 Varroni
1124 884 1149 943 is
1176 901 1301 961 praepo·

180 987 297 1048 sitionis
318 987 389 1065 „ab“
413 1005 485 1048 usus
513 988 761 1058 communisset,
791 986 873 1064 quod
887 1005 932 1060 ea
954 1003 1073 1046 causam
1102 1004 1229 1064 eamque
1253 1004 1303 1045 ex·

180 1092 337 1163 trinsecus,
360 1096 394 1150 ut
416 1091 457 1149 ita
480 1090 584 1162 dicam,
606 1090 726 1151 allatam
750 1079 873 1165 indicat,
896 1107 957 1167 qua
979 1090 1047 1166 quis
1070 1094 1167 1148 motus
1191 1087 1301 1165 aliquid

180 1193 253 1253 facit
274 1193 322 1254 vel
346 1198 468 1271 propter
490 1197 578 1270 quam
603 1192 675 1270 quiid
698 1192 737 1253 lit.
782 1187 845 1252 Sed,
865 1211 900 1252 ca
923 1191 1153 1270 praepositionis
1175 1193 1220 1251 vis
1244 1210 1302 1251 non

181 1302 308 1375 apparet
331 1297 386 1356 nisi
410 1297 440 1357 in
455 1295 502 1356 his
518 1295 652 1356 formulis
675 1296 858 1372 pronominis
874 1292 1102 1356 demonstrativi
1125 1297 1155 1354 et
1170 1295 1303 1353 relativi:

181 1398 217 1459 ab
241 1399 307 1473 boc,
331 1417 350 1459 c
374 1416 450 1474 quo,
474 1398 512 1458 ob
535 1416 577 1459 eo.
621 1399 665 1458 Ac
688 1399 864 1477 plerumque
888 1417 941 1459 eae
968 1400 1001 1458 ιιι
1023 1397 1169 1458 formulae
1192 1397 1304 1459 adbibi-

180 1509 227 1564 tae
256 1507 286 1564 et
305 1503 337 1562 in
361 1501 430 1562 novi
454 1499 600 1562 enuntiati
629 1500 713 1562 initio
736 1502 852 1579 posit-ac
883 1501 955 1562 nibil
977 1498 1059 1561 aliud
1090 1501 1145 1561 nisi
1167 1494 1304 1578 „itaquc“

180 1604 358 1683 significant.

197 1707 199 1712 ¹
265 1723 296 1798 a)
329 1725 362 1785 ln
386 1743 409 1784 r.
431 1744 453 1786 r.
477 1725 559 1785 libris
582 1726 656 1786 lracc
677 1725 814 1801 exempla
836 1728 967 1785 exstant:
990 1725 1012 1800 Ι,
1028 1728 1077 1795 41,
1095 1729 1125 1783 1:
1148 1723 1238 1800 „ficus
1261 1742 1304 1784 se·

180 1827 282 1904 quitur
297 1826 454 1888 caldorcm.
481 1846 573 1904 aquo
590 1826 631 1903 lit,
653 1832 687 1887 ut
707 1827 736 1886 iu
753 1826 827 1886 locis
842 1825 959 1904 frigidis
979 1824 1068 1886 ficeta
1084 1825 1147 1884 lieri
1163 1844 1221 1886 non
1237 1845 1303 1904 pos·

180 1928 265 2005 sint“;
292 1931 329 2002 ll,
348 1935 376 2007 3,
393 1934 424 1991 7:
451 1929 507 2006 „ab
524 1929 612 1998 hoc¹i
635 1928 665 1988 in
681 1929 748 2006 lege
763 1927 918 1988 locationis
941 1927 1039 2004 excipi
1054 1929 1138 2004 solet,
1160 1947 1198 1988 ne
1221 1923 1305 1989 cett.“

179 2033 372 2109 -11,7,c:
399 2030 454 2108 „do
476 2032 569 2110 stirpe
593 2028 762 2107 (equorum)
786 2031 886 2107 magni
908 2031 1043 2109 interest,
1066 2049 1125 2108 qna
1148 2031 1216 2091 sint.
1245 2032 1303 2092 lta-

181 2151 240 2210 que
263 2133 378 2194 abhoc
401 2132 516 2192 nobiles
539 2133 746 2210 aregionibus
770 2132 911 2192 dicuntur
934 2127 1020 2194 cett-.“
1057 2131 1105 2192 Sic
1128 2137 1210 2193 rocta
1233 2133 1303 2194 Kei-

181 2236 238 2295 lius
261 2236 381 2312 scripsit
407 2254 462 2312 pro
490 2234 625 2294 codicum
643 2221 802 2311 ¹scriptura
825 2234 881 2312 „ad
904 2230 987 2311 hoc“,
1017 2253 1093 2312 quae
1122 2254 1302 2312 quamquam

180 2337 263 2398 nullo
287 2337 374 2397 modo
398 2336 468 2396 lcrri
491 2340 600 2414 potest,
624 2340 723 2397 tamen
747 2336 906 2414 areliquis
920 2337 1084 2398 editoribus
1108 2342 1228 2398 servata
1250 2343 1304 2398 est.

180 2441 245 2500 Ncc
269 2441 371 2500 mirum
396 2445 449 2512 est,
473 2439 553 2517 quod
569 2441 662 2500 verba
677 2432 814 2517 „itaquc“
834 2443 863 2500 et
878 2439 933 2517 „ab
949 2431 1024 2500 lnoc“
1045 2439 1122 2500 idem
1137 2439 1199 2500 scre
1215 2441 1304 2516 signi-

180 2541 303 2604 ficantia
333 2561 392 2602 uno
423 2543 489 2603 loco
520 2544 684 2626 composita
711 2547 790 2604 sunt.
835 2544 917 2603 Haec
945 2543 1022 2602 enim
1047 2544 1206 2603 verborum
1234 2562 1303 2603 con·

181 2644 292 2706 iunctio
316 2645 441 2723 primum
458 2645 628 2707 detenditur
651 2646 716 2706 loco
739 2665 762 2706 r.
777 2663 800 2706 r.
821 2647 858 2723 ll,
875 2650 903 2724 7,
921 2649 972 2707 16:
996 2644 1114 2722 ,itaque
1137 2647 1173 2705 ab
1195 2647 1252 2706 lroc
1273 2647 1302 2706 in

180 2747 306 2808 Graecia
328 2749 513 2826 potissimum
530 2749 636 2810 medici
654 2766 795 2825 pecorum
813 2737 988 2826 ἱππίατροι
1003 2745 1173 2825 appellati‘,
1196 2749 1304 2809 deinde

180 2851 347 2932 explicatur
371 2871 405 2912 ea
428 2869 485 2912 usu
500 2851 666 2930 particulae
685 2843 822 2928 „itaque“
838 2850 967 2928 quodam
984 2850 1179 2911 Varroniano.
1216 2852 1305 2944 Locis

180 2955 256 3014 enim
285 2973 308 3014 r.
329 2972 352 3013 r.
373 2955 395 3028 l,
417 2959 445 3032 2,
467 2956 508 3038 19,
533 2952 648 3031 (it-aque
671 2951 859 3032 propterea),
888 2953 958 3014 ibid.
981 2957 1011 3029 8,
1032 2959 1049 3014 7
1077 2952 1193 3033 (itaque
1215 2953 1305 3032 ideo),

180 3055 249 3115 ibid.
268 3060 318 3131 16,
334 3058 352 3116 5
374 3054 488 3134 (itaque
503 3054 592 3131 ideo),
615 3059 653 3134 ll,
668 3062 697 3136 4,
712 3061 730 3118 5
753 3054 867 3133 (itaque
883 3057 921 3116 ob
938 3074 1001 3116 eam
1018 3055 1103 3133 rem),
1124 3057 1142 3116 l.
1158 3057 1176 3116 l.
1193 3057 1226 3127 V,
1244 3061 1303 3118 112

180 3155 294 3236 (itaque
317 3162 441 3238 propter
465 3157 533 3232 hoc)
558 3161 674 3221 collatis
703 3159 861 3220 manifesto
888 3163 1015 3239 apparet
1044 3158 1191 3220 interdum
1215 3145 1305 3236 parti·

180 3260 276 3320 culam
299 3256 436 3338 „itaque“
459 3263 488 3321 in
512 3263 610 3324 inanis
630 3263 694 3322 fere
714 3262 861 3322 formulae
885 3261 1131 3323 cousuetudinem
1152 3260 1304 3322 transiisse

180 3363 228 3423 rel
259 3364 343 3440 quasi
374 3364 560 3425 abundantia
590 3365 718 3442 quiedam
753 3363 872 3424 dicendi
908 3364 1037 3428 additam
1070 3382 1144 3424 esse.
1195 3362 1305 3424 Similis

179 3463 269 3526 buius
291 3467 457 3543 particulae
480 3468 556 3526 ratio
580 3471 626 3526 est
647 3457 728 3545 apud
750 3465 924 3526 Terentium
948 3470 978 3525 et
1000 3465 1116 3526 Livium
1145 3464 1194 3536 (cf.
1214 3466 1304 3526 Hand

179 3567 207 3627 Il
226 3587 260 3644 p.
276 3567 361 3646 465),
383 3586 565 3646 quamquam
589 3570 653 3630 sola
668 3569 796 3630 formula
815 3569 935 3645 „itaque
951 3561 1041 3645 ergo“
1064 3569 1223 3628 invenitur.
1261 3568 1305 3628 Of.

179 3669 247 3730 Ter.
263 3672 339 3730 Eun.
355 3672 393 3748 ll,
409 3675 437 3745 3,
453 3675 493 3732 26
500 3685 508 3747 5
530 3670 595 3731 Liv.
612 3673 634 3749 l,
650 3675 704 3754 35,
716 3675 744 3746 2,
766 3672 833 3732 aliis
848 3672 922 3731 locis
943 3668 1024 3743 (vide
1040 3670 1170 3731 Gronov.
1187 3670 1225 3729 ad
1241 3670 1305 3731 Liv.

179 3773 231 3850 lll,
244 3777 293 3852 31,
306 3776 337 3846 5;
355 3773 506 3834 Drakenb.
522 3773 560 3834 ad
576 3774 642 3836 Liv.
657 3775 681 3852 Ι,
696 3779 746 3849 25,
759 3777 797 3845 2).
810 3805 851 3813 -
868 3775 921 3834 list
936 3777 1033 3833 autem
1051 3777 1131 3833 certe
1147 3773 1223 3833 baec
1237 3792 1305 3833 ver·

180 3873 285 3935 bornm
302 3874 486 3936 abundantia
501 3893 539 3936 ex
552 3875 667 3954 vulgari
684 3894 820 3938 sermono
836 3879 910 3936 orta.
925 3906 968 3914 -
982 3873 1081 3950 (Quas
1098 3893 1163 3936 cum
1181 3877 1222 3936 ita
1237 3876 1305 3953 sint,

180 3977 236 4036 loci
261 3978 279 4038 l.
294 3978 312 4038 1.
328 3980 362 4056 V,
378 3983 419 4041 24
442 3978 556 4057 (itaque
578 3977 659 4052 idco)
682 3984 712 4039 et
733 3979 801 4040 ibid.
823 3983 863 4041 66
885 3975 1018 4056 („itaque
1038 3969 1134 4056 inde“,
1157 3979 1199 4038 sic
1214 3979 1303 4054 Flora

178 4080 298 4158 „itaque
314 4075 399 4141 ideo“
415 4081 531 4156 (iroth.)
550 4083 587 4142 ab
606 4083 640 4142 Α.
655 4081 817 4160 Spengelio
837 4083 919 4150 (edit.
935 4102 964 4161 p.
981 4087 1020 4146 10
1035 4085 1136 4142 annot.
1154 4081 1191 4140 ad
1207 4101 1236 4144 v.
1252 4078 1304 4153 13)

178 4181 209 4242 in
225 4183 426 4260 suspicionem
440 4185 538 4245 vocati
554 4185 627 4245 satis
642 4202 779 4262 magnam
792 4186 1012 4246 excusationem
1028 4184 1170 4244 videntur
1185 4183 1303 4244 babere.

182 4296 384 4306 —————-

265 4347 287 4414 ¹)
312 4344 465 4402 Reicianda
482 4351 527 4402 est
543 4345 680 4415 principis
698 4345 831 4402 editionis
850 4345 933 4402 lectio
952 4345 1005 4415 „ob
1023 4343 1100 4402 hoc“.
