3228 4834
319 1359 533 1421 M.''l¹erentius
549 1359 645 1420 Varro
669 1375 734 1419 cum
756 1359 788 1418 id
812 1357 939 1419 maxime
962 1361 1073 1436 ageret,
1096 1363 1129 1419 nt
1151 1377 1265 1420 summo
1288 1359 1357 1420 doc·

234 1463 329 1528 trluac
352 1463 451 1524 studio
478 1461 610 1522 imbutus
640 1462 738 1522 omnia
766 1461 893 1522 scientia
919 1477 975 1522 sua
1002 1461 1263 1540 complecteretur,
1293 1462 1357 1522 lieri

234 1585 293 1626 non
316 1566 432 1645 potuit,
454 1566 526 1642 quin
550 1563 619 1624 dum
643 1565 673 1624 in
696 1563 786 1624 rebus
811 1563 980 1638 cognitione
1003 1563 1101 1642 dignis
1127 1567 1157 1623 et
1178 1562 1358 1640 indagandis

234 1671 264 1728 et
286 1665 490 1728 describendis
517 1669 612 1728 totum
635 1683 667 1727 se
695 1666 792 1750 ponit,
822 1667 914 1727 multo
945 1666 1088 1727 minorem
1116 1665 1259 1727 orationis
1288 1685 1358 1727 con·

234 1771 367 1832 cinnitati
398 1773 428 1830 et
455 1769 621 1846 elegantiae
651 1781 773 1846 operam
802 1772 941 1846 navaret,
973 1767 1060 1829 modo
1092 1787 1129 1829 ne
1157 1769 1217 1830 ulla
1246 1769 1359 1829 inesset

234 1871 393 1931 verborum
416 1855 592 1931 obscuritas.
637 1869 783 1946 Accessit,
804 1869 896 1948 quod,
918 1873 952 1929 ut
974 1875 1056 1931 recte
1078 1871 1120 1930 ait
1141 1867 1177 1929 l.
1194 1867 1358 1938 Muellerus

235 1972 284 2046 (de
307 1973 395 2050 prisc.
415 1973 497 2034 verb.
519 1971 605 2034 form.
626 1973 712 2033 Varr.
735 1971 805 2032 (iios.
828 1971 900 2056 Hal·
920 1969 1028 2047 1877),
1057 1989 1134 2050 „quo
1163 1976 1229 2032 erat
1256 1989 1358 2032 amore

234 2075 429 2153 antiquitatis,
452 2075 480 2136 ei
502 2074 637 2153 contigit,
659 2078 693 2135 ut
715 2067 833 2134 dicendi
849 2091 945 2158 genus
967 2073 1061 2152 magis
1082 2071 1120 2134 ad
1136 2078 1270 2134 veterum
1286 2093 1358 2152 poe-

235 2183 331 2239 tarum
358 2179 491 2239 rationes
519 2177 773 2250 accommodaret,
804 2177 860 2238 ita'
874 2181 993 2251 tamen,
1024 2180 1057 2238 ut
1080 2178 1231 2239 sermonis
1258 2177 1359 2240 usitati

235 2280 456 2342 emendationes
478 2281 649 2358 aansare,
671 2280 824 2353 Cicerone,
846 2280 964 2342 Catullo
986 2281 1136 2342 institutas
1157 2297 1283 2358 prorsus
1298 2299 1357 2342 nou

229 2376 464 2446 .contemneret.“
509 2381 575 2456 Quo
598 2381 708 2443 lactum
731 2387 790 2461 est,
820 2387 853 2444 ut
883 2384 939 2444 etsi
967 2381 1150 2445 cotidianum
1173 2383 1357 2445 cruditorum

234 2486 315 2546 illius
336 2487 444 2547 aetatis
466 2486 617 2546 homiuum
641 2503 807 2547 sermonem
831 2486 1022 2564 sequebatur,
1044 2485 1153 2548 multas
1176 2489 1275 2546 tamen
1298 2486 1359 2546 elo·

236 2588 372 2648 cotiones
398 2590 429 2647 et
456 2587 692 2648 constructiones
722 2604 759 2648 ex
791 2589 915 2665 antiquo
944 2605 1080 2649 sermone
1110 2591 1140 2648 et
1167 2604 1204 2647 ex
1232 2587 1359 2664 vulgari,

234 2688 427 2766 quiquidem
456 2689 629 2765 saepissime
654 2689 733 2750 idem
757 2687 827 2769 fnit,
855 2694 1030 2751 assumeret.
1075 2689 1261 2766 Quamquam
1289 2707 1358 2749 cou-

235 2787 399 2850 cedendum
421 2794 467 2851 est
493 2791 524 2851 in
545 2791 662 2852 duobus
685 2809 763 2870 quae
779 2797 894 2853 restant
916 2793 1035 2871 scriptis
1049 2791 1243 2853 Varronianis
1266 2809 1359 2870 quan·

235 2892 302 2952 dum
319 2893 437 2954 dicendi
453 2894 571 2971 generis
588 2895 784 2955 differentiam
807 2913 965 2972 apparere.
1008 2895 1042 2955 In
1059 2913 1160 2955 rerum
1176 2895 1253 2954 enim
1270 2893 1358 2954 rusti·

235 3013 339 3055 carum
355 2995 438 3056 libris
461 2997 492 3074 ii,
514 2997 565 3074 qul
582 2997 745 3074 disputant,
767 2989 964 3074 familiariter,
988 2995 1141 3074 dissolute,
1162 2997 1358 3073 neglegenter·

234 3099 313 3158 inter
328 3115 360 3159 se
375 3100 583 3178 colloquentes
602 3099 796 3178 inducuntur,
815 3100 901 3160 iidem
918 3101 983 3176 agri
999 3099 1137 3160 culturae
1152 3097 1358 3159 studiosissimi

233 3199 397 3278 linguntur,
419 3201 549 3280 denique
571 3202 628 3262 hac
651 3201 810 3264 occasione
833 3203 934 3263 oblata
956 3203 1069 3263 rustica
1090 3201 1152 3262 vita
1174 3203 1300 3280 antiqua
1322 3219 1358 3261 ac

234 3303 359 3380 simplex
383 3304 516 3364 urbanae
539 3306 572 3364 ιιι
594 3307 769 3382 corruptae,
799 3305 871 3382 quin
901 3305 989 3364 etiam
1013 3306 1131 3364 veteres
1154 3319 1244 3364 voces
1272 3303 1357 3363 noris

206 3487 208 3492 ,
234 3410 437 3484 opponuntur.
481 3405 559 3480 Quid
583 3405 674 3482 igitur
696 3407 809 3478 mirum,
832 3405 913 3483 quod
937 3405 968 3466 iu
992 3405 1037 3466 his
1057 3405 1141 3466 libris
1165 3403 1358 3482 colloquendi

234 3508 310 3568 ratio
333 3507 370 3567 ad
387 3519 553 3568 sermonem
570 3505 762 3584 cotidianum,
778 3507 942 3585 vulgarem,
955 3509 1107 3569 rusticum'
1125 3526 1214 3587 quam
1230 3507 1357 3567 maxime

234 3611 458 3672 accommodata
480 3611 546 3672 est?
584 3611 695 3672 Ooutra
724 3613 754 3671 iu
783 3612 864 3672 libris
896 3611 933 3672 de
964 3612 1066 3688 lingna
1096 3611 1189 3671 latina
1218 3627 1267 3671 res
1293 3613 1357 3688 ipsa

233 3712 360 3790 ferebat,
382 3717 415 3773 ut
431 3715 526 3774 Varro
549 3713 681 3774 virorum
700 3713 854 3775 doctorum
872 3712 991 3774 dicendi
1007 3729 1118 3790 genere
1141 3711 1237 3790 magis
1261 3716 1357 3772 utere·

232 3820 294 3888 tur3
318 3831 497 3894 quamquam
520 3815 608 3894 plura
630 3821 710 3877 uerte
733 3816 845 3894 insunt,
866 3817 897 3876 in
921 3815 1029 3892 quibus
1050 3815 1092 3875 illi
1116 3833 1182 3875 cum
1206 3831 1262 3875 rer.
1282 3818 1356 3876 rust.

232 3917 317 3978 libris
339 3917 532 3979 consentiunt
554 3932 643 3996 quam
667 3918 777 3995 quibus
799 3917 838 3977 ab
854 3917 889 3977 iis
905 3916 1056 3977 differunt.
1100 3915 1160 3976 Sed
1182 3915 1212 3976 id
1235 3915 1355 3993 quidem

233 4020 306 4080 satis
329 4019 449 4080 omniuo
472 4023 590 4081 constat
612 4021 831 4081 Varronianum
853 4037 1019 4080 sermonem
1044 4037 1152 4098 magna
1171 4019 1355 4097 proprietate

234 4138 300 4182 esse
327 4121 488 4198 insignem,
519 4122 646 4183 maxime
669 4138 741 4182 vero
772 4138 948 4182 asermone
971 4119 1166 4182 Oioerouiauo
1197 4118 1355 4179 diversum.

234 4223 280 4283 lix
295 4241 356 4301 quo
379 4241 446 4284 cnm
462 4227 664 4302 cognoscatur
686 4224 878 4301 quaestiones
898 4221 936 4282 tie
951 4221 1095 4283 Varronis
1111 4218 1229 4280 dicendi
1244 4236 1356 4296 genere

196 4339 198 4344 ·
234 4326 305 4388 satis
328 4325 453 4387 multum
485 4329 514 4386 et
536 4325 673 4388 utilitatis
705 4329 734 4388 et
755 4324 948 4387 iucunditatis
977 4321 1088 4388 habere
1118 4339 1246 4403 eumque
1269 4321 1355 4384 noris
